@inproceedings{abeysinghe2024rhyme,
  title={Rhyme: A data-centric expressive query language for nested data structures},
  author={Abeysinghe, Supun and Rompf, Tiark},
  booktitle={International Symposium on Practical Aspects of Declarative Languages},
  pages={64--81},
  year={2024},
  organization={Springer}
}
@article{abeysingherhyme,
  title={Rhyme: A Data-Centric Multi-Paradigm Query Language based on Functional Logic Metaprogramming},
  author={Abeysinghe, Supun and Rompf, Tiark}
}
@inproceedings{rompf2010lightweight,
  title={Lightweight modular staging: a pragmatic approach to runtime code generation and compiled DSLs},
  author={Rompf, Tiark and Odersky, Martin},
  booktitle={Proceedings of the ninth international conference on Generative programming and component engineering},
  pages={127--136},
  year={2010}
}
@article{bravcevac2023graph,
  title={Graph IRS for impure higher-order languages: making aggressive optimizations affordable with precise effect dependencies},
  author={Bra{\v{c}}evac, Oliver and Wei, Guannan and Jia, Songlin and Abeysinghe, Supun and Jiang, Yuxuan and Bao, Yuyan and Rompf, Tiark},
  journal={Proceedings of the ACM on Programming Languages},
  volume={7},
  number={OOPSLA2},
  pages={400--430},
  year={2023},
  publisher={ACM New York, NY, USA}
}
@misc{jq,
title = {jq manual},
howpublished = {\url{https://jqlang.github.io/jq/manual/}},
}
@inproceedings{einops,
  author       = {Alex Rogozhnikov},
  title        = {Einops: Clear and Reliable Tensor Manipulations with Einstein-like
                  Notation},
  booktitle    = {{ICLR}},
  publisher    = {OpenReview.net},
  year         = {2022}
}
@misc{einsumblog,
author = {Tim Rockt√§schel},
title = {EINSUM IS ALL YOU NEED - EINSTEIN SUMMATION IN DEEP LEARNING},
howpublished = {\url{https://rockt.github.io/2018/04/30/einsum}},
year = {2018-04-30}
}
@article{tensor_comprehensions,
  author       = {Nicolas Vasilache and
                  Oleksandr Zinenko and
                  Theodoros Theodoridis and
                  Priya Goyal and
                  Zachary DeVito and
                  William S. Moses and
                  Sven Verdoolaege and
                  Andrew Adams and
                  Albert Cohen},
  title        = {Tensor Comprehensions: Framework-Agnostic High-Performance Machine
                  Learning Abstractions},
  journal      = {CoRR},
  volume       = {abs/1802.04730},
  year         = {2018}
}

@misc{graphql,
author = {GraphQL},
title = {A Query Language for your API},
howpublished = {\url{https://graphql.org/}},
}
@misc{xquery,
title = {XQuery 3.1: An XML Query Language},
howpublished = {\url{https://www.w3.org/TR/xquery-31/}},
year = {2017}
}
@article{datalog,
  author       = {Stefano Ceri and
                  Georg Gottlob and
                  Letizia Tanca},
  title        = {What you Always Wanted to Know About Datalog (And Never Dared to Ask)},
  journal      = {{IEEE} Trans. Knowl. Data Eng.},
  volume       = {1},
  number       = {1},
  pages        = {146--166},
  year         = {1989}
}
@article{verse,
author = {Augustsson, Lennart and Breitner, Joachim and Claessen, Koen and Jhala, Ranjit and Peyton Jones, Simon and Shivers, Olin and Steele Jr., Guy L. and Sweeney, Tim},
title = {The Verse Calculus: A Core Calculus for Deterministic Functional Logic Programming},
year = {2023},
issue_date = {August 2023},
publisher = {Association for Computing Machinery},
address = {New York, NY, USA},
volume = {7},
number = {ICFP},
journal = {Proc. ACM Program. Lang.},
articleno = {203},
numpages = {31},
keywords = {declarative programming, Verse calculus, normal forms, lambda calculus, evaluation strategy, choice operator, even/odd problem, confluence, unification, functional programming, Verse language, substitution, logical variables, rewrite rules, lenient evaluation, skew confluence, logic programming}
}
@inproceedings{curry,
  author       = {Michael Hanus},
  title        = {Functional Logic Programming: From Theory to {Curry}},
  booktitle    = {Programming Logics},
  series       = {Lecture Notes in Computer Science},
  volume       = {7797},
  pages        = {123--168},
  publisher    = {Springer},
  year         = {2013}
}
@misc{jsonpath,
author = {Stefan Goessner},
title = {JSONPath - XPath for JSON},
howpublished = {\url{https://goessner.net/articles/JsonPath/}},
year = {2007},
}
@misc{hotspot,
author = {HotSpot},
title = {Homepage of the project},
howpublished = {\url{https://openjdk.org/groups/hotspot/}},
}
@inproceedings{lattner2004llvm,
  title={LLVM: A compilation framework for lifelong program analysis \& transformation},
  author={Lattner, Chris and Adve, Vikram},
  booktitle={International symposium on code generation and optimization, 2004. CGO 2004.},
  pages={75--86},
  year={2004},
  organization={IEEE}
}
@phdthesis{miniKanren,
  title={Relational programming in miniKanren: techniques, applications, and implementations},
  author={Byrd, William E},
  year={2009},
  school={Indiana University}
}
@inproceedings{scalogno,
  title={Lightweight functional logic meta-programming},
  author={Amin, Nada and Byrd, William E and Rompf, Tiark},
  booktitle={Programming Languages and Systems: 17th Asian Symposium, APLAS 2019, Nusa Dua, Bali, Indonesia, December 1--4, 2019, Proceedings 17},
  pages={225--243},
  year={2019},
  organization={Springer}
}
@article{overhead1,
  title={Architecting intermediate layers for efficient composition of data management and machine learning systems},
  author={Abeysinghe, Supun and Wang, Fei and Essertel, Gregory and Rompf, Tiark},
  journal={arXiv preprint arXiv:2311.02781},
  year={2023}
}
@article{overhead2,
  title={Weld: A common runtime for high performance data analytics},
  author={Palkar, Shoumik and Thomas, James J and Shanbhag, Anil and Narayanan, Deepak and Pirk, Holger and Schwarzkopf, Malte and Amarasinghe, Saman and Zaharia, Matei},
  year={2017}
}
@inproceedings{cnnsparse,
  title={SparTen: A sparse tensor accelerator for convolutional neural networks},
  author={Gondimalla, Ashish and Chesnut, Noah and Thottethodi, Mithuna and Vijaykumar, TN},
  booktitle={Proceedings of the 52nd Annual IEEE/ACM International Symposium on Microarchitecture},
  pages={151--165},
  year={2019}
}
@article{cnnsparse1,
  title={Cnvlutin: Ineffectual-neuron-free deep neural network computing},
  author={Albericio, Jorge and Judd, Patrick and Hetherington, Tayler and Aamodt, Tor and Jerger, Natalie Enright and Moshovos, Andreas},
  journal={ACM SIGARCH Computer Architecture News},
  volume={44},
  number={3},
  pages={1--13},
  year={2016},
  publisher={ACM New York, NY, USA}
}
@inproceedings{cnnsparse2,
  title={Cambricon-X: An accelerator for sparse neural networks},
  author={Zhang, Shijin and Du, Zidong and Zhang, Lei and Lan, Huiying and Liu, Shaoli and Li, Ling and Guo, Qi and Chen, Tianshi and Chen, Yunji},
  booktitle={2016 49th Annual IEEE/ACM International Symposium on Microarchitecture (MICRO)},
  pages={1--12},
  year={2016},
  organization={IEEE}
}
@inproceedings{facebookactivity,
  title={On the evolution of user interaction in facebook},
  author={Viswanath, Bimal and Mislove, Alan and Cha, Meeyoung and Gummadi, Krishna P},
  booktitle={Proceedings of the 2nd ACM workshop on Online social networks},
  pages={37--42},
  year={2009}
}
@inproceedings{netflixprize,
  title={The netflix prize},
  author={Bennett, James and Lanning, Stan and others},
  booktitle={Proceedings of KDD cup and workshop},
  volume={2007},
  pages={35},
  year={2007},
  organization={New York}
}
@inproceedings{amazonreward,
  title={Hidden factors and hidden topics: understanding rating dimensions with review text},
  author={McAuley, Julian and Leskovec, Jure},
  booktitle={Proceedings of the 7th ACM conference on Recommender systems},
  pages={165--172},
  year={2013}
}
@phdthesis{sparseformat,
  title={An investigation of sparse tensor formats for tensor libraries},
  author={Tew, Parker Allen},
  year={2016},
  school={Massachusetts Institute of Technology}
}
@book{curbastro1923methodes,
  title={M{\'e}thodes de calcul diff{\'e}rentiel absolu et leurs applications},
  author={Curbastro, Gregorio Ricci and Levi-Civita, Tullio},
  number={5},
  year={1923},
  publisher={Librairie scientifique, A. Blanchard}
}
@article{taco,
  title={The tensor algebra compiler},
  author={Kjolstad, Fredrik and Kamil, Shoaib and Chou, Stephen and Lugato, David and Amarasinghe, Saman},
  journal={Proceedings of the ACM on Programming Languages},
  volume={1},
  number={OOPSLA},
  pages={1--29},
  year={2017},
  publisher={ACM New York, NY, USA}
}
@article{indexedstream,
  title={Indexed Streams: A Formal Intermediate Representation for Fused Contraction Programs},
  author={Kovach, Scott and Kolichala, Praneeth and Gu, Tiancheng and Kjolstad, Fredrik},
  journal={Proceedings of the ACM on Programming Languages},
  volume={7},
  number={PLDI},
  pages={1169--1193},
  year={2023},
  publisher={ACM New York, NY, USA}
}
@inproceedings{tacotools,
  author={Kjolstad, Fredrik and Chou, Stephen and Lugato, David and Kamil, Shoaib and Amarasinghe, Saman},
  booktitle={2017 32nd IEEE/ACM International Conference on Automated Software Engineering (ASE)},
  title={taco: A Tool to Generate Tensor Algebra Kernels},
  year={2017},
  pages={943-948},
  keywords={data analysis;learning (artificial intelligence);mathematics computing;program compilers;software libraries;tensors;code generation tool;code generator;command-line tools;compressed formats;computational abstraction;data analytics;dense kernels;machine learning;mixed kernels;physical sciences;sparse kernels;taco web;tensor algebra expressions;tensor algebra kernels;tensor expressions;Indexes;Kernel;Libraries;Linear algebra;Tensile stress;Tools;Tensor algebra;compiler;linear algebra;sparse},
  doi={10.1109/ASE.2017.8115709},
  month={Oct}
}
@misc{knuth,
  title={Theartofcomputerprogramming: Sortingandsearching},
  author={Knuth, Donal Ervin},
  year={1973},
  publisher={Addison-Wesley, Reading, Massachusetts}
}